@misc{p4tut,
    title = "P4 lang tutorials",
    url = "https://github.com/p4lang/tutorials",
    note = "Accessed at 2020-06-28 21:07:00"
}
@misc{mininet,
    title = "Mininet documentation",
    url = "http://docs.mininet.org",
    note = "Accessed at 2020-06-28 21:07:00"
}
@misc{v1model,
    title = "V1model",
    url = "https://github.com/p4lang/p4c/blob/master/p4include/v1model.p4",
    note = "Accessed at 2020-06-28 21:07:00"
}
@misc{bmv2,
    title = "Behavioral model v2",
    url = "https://github.com/p4lang/behavioral-model",
    note = "Accessed at 2020-06-28 21:07:00"
}
@inproceedings{scholz2019cryptographic,
  title={Cryptographic hashing in p4 data planes},
  author={Scholz, Dominik and Oeldemann, Andreas and Geyer, Fabien and Gallenm{\"u}ller, Sebastian and Stubbe, Henning and Wild, Thomas and Herkersdorf, Andreas and Carle, Georg},
  booktitle={2019 ACM/IEEE Symposium on Architectures for Networking and Communications Systems (ANCS)},
  pages={1--6},
  year={2019},
  organization={IEEE}
}
@misc{hashing2,
    title = "P4 hash functions",
    url = "https://p4.org/p4-spec/docs/PSA.html#sec-hash-function",
    note = "Accessed at 2020-06-28 21:07:00"
}
@misc{cloning1,
    title = "P4 cloning",
    url = "https://p4.org/p4-spec/docs/PSA.html#sec-clone",
    note = "Accessed at 2020-06-28 21:07:00"
}
@misc{cloning2,
    title = "P4 cloning",
    url = "http://csie.nqu.edu.tw/smallko/sdn/p4-clone.htm",
    note = "Accessed at 2020-06-28 21:07:00"
}

